@article{conclone,
    title={Network cloning using DNA barcodes},
    DOI={10,1101/098343},
    author={Shuvaev, Sergey A. and Ba≈üerdem, Batuhan and Zador, Anthony and Koulakov, Alexei A.},
    year={2017},
    month={Apr}
}

@article{synseq,
    title={Using high-throughput barcode sequencing to efficiently map connectomes},
    volume={45},
    number={12},
    journal={Nucleic Acids Research},
    author={Zador et al.},
    DOI={https://doi.org/10.1093/nar/gkx292 },
    year={2017},
}
